@article{AT20,
  title={Pattern groups and a poset based {H}opf monoid},
  author={Aliniaeifard, Farid and Thiem, Nathaniel},
  journal={Journal of Combinatorial Theory, Series A},
  volume={172},
  pages={105187},
  year={2020},
  publisher={Elsevier}
}

@article{AT22,
  title={Hopf Structures in the Representation Theory of Direct Products},
  author={Aliniaeifard, Farid and Thiem, Nathaniel},
  journal={Electronic Journal of Combinatorics},
  volume={29},
  pages={Paper No. 4.39},
  year={2022},
  publisher={Elsevier}
}

@article {MSZ,
    AUTHOR = {Mikhalev, A. A. and Shpilrain, V. E. and Zolotykh, A. A.},
     TITLE = {Subalgebras of free algebras},
   JOURNAL = {Proc. Amer. Math. Soc.},
    VOLUME = {124},
      YEAR = {1996},
    NUMBER = {7},
     PAGES = {1977--1984}
}

@article{BZ09,
  title={The {H}opf algebras of symmetric functions and quasi-symmetric functions in non-commutative variables are free and co-free},
  author={Bergeron, Nantel and Zabrocki, Mike},
  journal={Journal of Algebra and its Applications},
  volume={8},
  number={04},
  pages={581--600},
  year={2009},
  publisher={World Scientific}
}

@article{RS06,
  title={Symmetric functions in noncommuting variables},
  author={Rosas, Mercedes and Sagan, Bruce},
  journal={Transactions of the American Mathematical Society},
  volume={358},
  number={1},
  pages={215--232},
  year={2006}
}

@article{BHRZ05,
  title={Grothendieck Bialgebras, Partition Lattices, and Symmetric Functions in Noncommutative Variables},
  author={Bergeron, N and Hohlweg, C and Rosas, M and Zabrocki, M},
  journal={The Electronic Journal of Combinatorics},
  pages={R75--R75},
  year={2006}
}

@article{NT05,
  title={Hopf algebras and dendriform structures arising from parking functions},
  author={Novelli, Jean-Christophe and Thibon, Jean-Yves},
  journal={Fundamenta Mathematicae},
  volume={193},
  number={1},
  pages={189--241},
  year={2007}
}

@article{BBT14,
  title={The antipode and primitive elements in the {H}opf monoid of supercharacters},
  author={Baker-Jarvis, Duff and Bergeron, Nantel and Thiem, Nathaniel},
  journal={Journal of Algebraic Combinatorics},
  volume={40},
  number={4},
  pages={903--938},
  year={2014},
  publisher={Springer}
}

@article{F12,
  title={Free and cofree {H}opf algebras},
  author={Foissy, Lo{\"\i}c},
  journal={Journal of Pure and Applied Algebra},
  volume={216},
  number={2},
  pages={480--494},
  year={2012},
  publisher={Elsevier}
}

@unpublished{F23,
  title={Primitive elements of a connected free bialgebra},
  author={Foissy, Lo{\"\i}c},
  note={arXiv preprint \arxiv{2309.16199}},
  year={2023}
}

@incollection{CK99,
  title={Hopf algebras, renormalization and noncommutative geometry},
  author={Connes, Alain and Kreimer, Dirk},
  booktitle={Quantum field theory: perspective and prospective},
  pages={59--109},
  year={1999},
  publisher={Springer}
}

@article{B08,
  title={Invariants in non-commutative variables of the symmetric and hyperoctahedral groups},
  author={Bergeron-Brlek, Anouk},
  journal={Discrete Mathematics \& Theoretical Computer Science},
  volume={AJ},
  year={2008},
  publisher={Episciences. org}
}

@article{LM11,
  title={The primitives and antipode in the {H}opf algebra of symmetric functions in noncommuting variables},
  author={Lauve, Aaron and Mastnak, Mitja},
  journal={Advances in Applied Mathematics},
  volume={47},
  number={3},
  pages={536--544},
  year={2011},
  publisher={Elsevier}
}

@article{AS05,
title = {Structure of the {M}alvenuto–{R}eutenauer {H}opf algebra of permutations},
journal = {Advances in Mathematics},
volume = {191},
number = {2},
pages = {225-275},
year = {2005},
issn = {0001-8708},
doi = {https://doi.org/10.1016/j.aim.2004.03.007},
url = {https://www.sciencedirect.com/science/article/pii/S0001870804000787},
author = {Marcelo Aguiar and Frank Sottile}
}

@article{AL15,
  title={The characteristic polynomial of the {A}dams operators on graded connected {H}opf algebras},
  author={Aguiar, Marcelo and Lauve, Aaron},
  journal={Algebra \& Number Theory},
  volume={9},
  number={3},
  pages={547--583},
  year={2015},
  publisher={Mathematical Sciences Publishers}
}

@article{W36,
  title={Symmetric functions of non-commutative elements},
  author={Wolf, Margarete C},
  journal={Duke Math. J.},
  volume={2},
  number={1},
  pages={626--637},
  year={1936}
}

@article{MM65,
  title={On the Structure of {H}opf Algebras},
  author={Milnor, John W and Moore, John C},
  journal={Annals of Mathematics},
  volume={81},
  pages={211--264},
  year={1965},
  publisher={Mathematics Department, Princeton University}
}

@article{KK95,
  title={Free Lie Algebras, Generalized Witt Formula, and the Denominator Identity},
  author={Kang, Seok-Jim and Kim, Myung-Hwan},
  journal={Journal of Algebra},
  volume={183},
  pages={560--594},
  year={1995},
  publisher={Elsevier}
}

@misc{OEIS,
   title = {The On-Line Encyclopedia of Integer Sequences},
   author = {OEIS Foundation Inc.},
   year ={2024},
   note = {\url{https://oeis.org}}
}

@article{S94,
  title={Incidence {H}opf Algebras},
  author={Schmitt, William R.},
  journal={Journal of Pure and Applied Algebra},
  volume={96},
  pages={299--330},
  year={1994},
  publisher={Elsevier}
}

@Inbook{S09,
    author="Shirshov, A. I.",
    title="Subalgebras of Free Lie Algebras",
    bookTitle="Selected Works of A.I. Shirshov",
    year="2009",
    publisher="Birkh{\"a}user Basel",
    address="Basel",
    pages="3--13",
    isbn="978-3-7643-8858-4",
    doi="10.1007/978-3-7643-8858-4_1",
    url="https://doi.org/10.1007/978-3-7643-8858-4_1"
}

@book{jacobson2013lie,
  title={Lie Algebras},
  author={Jacobson, N.},
  isbn={9780486136790},
  series={Dover books on advanced mathematics},
  url={https://books.google.com.ec/books?id=jTSoAAAAQBAJ},
  year={2013},
  publisher={Dover Publications}
}

@book{Reutenauer-FreeLieAlgebras,
  title={Free Lie Algebras},
  author={Reutenauer, C.},
  isbn={0-19-853679-8},
  series={London Mathematical Society Monographs New Series},
  year={1993},
  publisher={Oxford University Press}
}

@article{GKLLRT,
  title={Noncommutative Symmetric Functions},
  author={Gelfand, IM and Krob, D and Lascoux, A and Leclerc, B and Retakh, VS and Thibon, JY},
  journal={Advances in Mathematics},
  volume={112},
  number={2},
  pages={218--348},
  year={1995},
  publisher={Elsevier BV}
}

@article{H05,
  title={Symmetric functions, noncommutative symmetric functions and quasisymmetric functions II},
  author={Hazewinkel, Michiel},
  journal={Acta Applicandae Mathematica},
  volume={85},
  pages={319--340},
  year={2005},
  publisher={Springer}
}

@article{H07,
  title={The primitives of the {H}opf algebra of noncommutative symmetric functions},
  author={Hazewinkel, Michiel},
  journal={São Paulo Journal of Mathematical Sciences},
  volume={1},
  url={https://www.revistas.usp.br/spjournal/article/view/7},
  DOI={10.11606/issn.2316-9028.v1i2p175-202},
  year={2007},
  month={dez.},
  pages={175–202} }

@article{Bergeron_2002,
	title={Shifted quasi-symmetric functions and the {H}opf algebra of peak functions},
	volume={246},
	ISSN={0012-365X},
	url={http://dx.doi.org/10.1016/S0012-365X(01)00251-5},
	DOI={10.1016/s0012-365x(01)00251-5},
	number={1–3},
	journal={Discrete Mathematics},
	publisher={Elsevier BV},
	author={Bergeron, Nantel and Mykytiuk, Stefan and Sottile, Frank and van Willigenburg, Stephanie},
	year={2002},
	month=mar, pages={57–66} }
	
@book{loday2013cyclic,
	title={Cyclic Homology},
	author={Loday, J.L.},
	isbn={9783662113899},
	lccn={97022418},
	series={Grundlehren der mathematischen Wissenschaften},
	url={https://books.google.ca/books?id=RzHqCAAAQBAJ},
	year={2013},
	publisher={Springer Berlin Heidelberg}
}

@article{GERSTENHABER1991263,
	title = {The shuffle bialgebra and the cohomology of commutative algebras},
	journal = {Journal of Pure and Applied Algebra},
	volume = {70},
	number = {3},
	pages = {263-272},
	year = {1991},
	issn = {0022-4049},
	doi = {https://doi.org/10.1016/0022-4049(91)90073-B},
	url = {https://www.sciencedirect.com/science/article/pii/002240499190073B},
	author = {M. Gerstenhaber and S.D. Schack}
}

@article{AS05cc,
	title={Cocommutative {H}opf algebras of permutations and trees},
	author={Aguiar, Marcelo and Sottile, Frank},
	journal={Journal of Algebraic Combinatorics},
	volume={22},
	number={4},
	pages={451--470},
	year={2005},
	publisher={Springer}
}

@article{PR04,
	title={On Descent Algebras and Twisted Bialgebras},
	author={Patras, F. and Reutenauer, C.},
	journal={Moscow Mathematical Journal},
	volume={4},
	number={1},
	pages={199--216},
	year={2004},
	note={\href{https://reutenauer.math.uqam.ca/wp-content/uploads/2024/05/Twisted-bialgebras-compresse.pdf}{Author webpage link}},
	publisher={Independent University of Moscow}
}

@article{GL09,
  title={Hopf algebras of heap ordered trees and permutations},
  author={Grossman, Robert L and Larson, Richard G},
  journal={Communications in Algebra},
  volume={37},
  number={2},
  pages={453--459},
  year={2009},
  publisher={Taylor \& Francis}
}

@article{Li15,
  title={The monomial basis and the Q-basis of the {H}opf algebra of parking functions},
  author={Li, Teresa Xueshan},
  journal={Journal of Algebraic Combinatorics},
  volume={42},
  number={2},
  pages={473--496},
  year={2015},
  publisher={Springer}
}

@article{HNT08,
  title={Commutative combinatorial {H}opf algebras},
  author={Hivert, Florent and Novelli, Jean-Christophe and Thibon, Jean-Yves},
  journal={Journal of Algebraic Combinatorics},
  volume={28},
  pages={65--95},
  year={2008},
  publisher={Springer}
}

@unpublished{FP24,
  TITLE = {{Lie theory of free cocommutative and commutative cofree Hopf algebras}},
  AUTHOR = {Foissy, Lo{\"i}c and Patras, Fr{\'e}d{\'e}ric},
  URL = {https://hal.science/hal-04773293},
  NOTE = {working paper or preprint},
  YEAR = {2024},
  PDF = {https://hal.science/hal-04773293v1/file/iso_shuffle_new_5.pdf},
  HAL_ID = {hal-04773293},
  HAL_VERSION = {v1},
}